2796 4697
1003 366 1680 457 Prooemium-
2285 386 2332 462 ς

358 575 589 654 Ionae,
638 589 828 661 quae
859 564 1267 661 supersunt,
1320 564 1628 655 oracula,
1659 583 1794 634 neo
1816 582 1964 633 non
1992 561 2336 652 Nahumi,

354 705 945 783 contra‘regnum
993 683 1432 776 Affyriacum
1482 683 1650 753 sunt
1707 680 1990 753 directa.
2097 662 2338 769 Ainos,

240 886 247 897 ,
353 807 541 877 haud
585 806 842 900 longe,
905 819 994 873 ut
1036 804 1362 889 videtur,
1427 800 1514 872 ab
1547 801 1730 872 inito
1760 799 2154 894 prophetae
2182 822 2346 868 mu·

352 949 518 1001 nere
566 949 608 994 e
631 945 880 1023 „regno
922 915 1214 1015 pulsus,
1279 925 1355 990 in
1396 919 1752 991 ditionem
1794 918 1982 1000 J‘uda
2014 914 2348 990 facess‘ere

350 1059 639 1114 coactus
674 1034 795 1110 est.
865 1040 1048 1137 Joel,
1090 1039 1368 1131 Michn,
1412 1038 1831 1132 Zephanias,
1885 1033 2224 1107 Habacuc
2252 1034 2346 1106 ad
2381 1061 2389 1068 ·

354 1184 659 1257 regnum
689 1158 875 1237 Juda
902 1156 1239 1251 spectant.
1334 1156 1678 1229 Habacuc
1714 1172 1789 1227 et
1816 1152 2122 1226 Obadias
2153 1155 2346 1225 exci-

356 1280 559 1348 dium
601 1276 806 1348 utbis
863 1275 1564 1367 Hierosolymitanae
1621 1272 1851 1345 oculis
1912 1271 2343 1368 spectarunt,
2379 1366 2384 1373 .

353 1396 577 1468 vitam
610 1398 825 1465 etiam
858 1397 1051 1465 ultra
1081 1419 1238 1465 eam
1269 1411 1574 1465 aetatem
1605 1409 2094 1489 prorogantes.
2145 1397 2347 1491 Hag-

356 1515 508 1611 gai,
557 1513 689 1608 qui
721 1509 902 1583 stans
935 1508 1259 1607 primum
1292 1514 1654 1606 templum
1681 1509 1983 1597 viderat,
2035 1490 2345 1582 secundo

353 1630 509 1728 post
536 1632 857 1729 reditum
885 1656 926 1701 e
955 1633 1163 1702 tertis
1183 1629 1647 1721 Babylonicis
1677 1628 2054 1701 excitando
2084 1625 2345 1705 adfuit.

358 1752 466 1822 Ad
502 1750 797 1820 eandem
834 1767 1140 1819 aetatem
1173 1748 1439 1842 spectat
1460 1749 1859 1834 Zacharias,
1906 1770 2350 1841 quamquam

356 1870 433 1938 in
474 1867 820 1939 ulteriora
850 1867 1209 1937 vaticiniis
1245 1865 1387 1934 suis
1423 1865 1843 1950 excurrerit,
1898 1887 2129 1958 quum
2159 1869 2356 1962 Hag-

361 1986 479 2084 gai
523 1987 810 2056 oracula
852 1985 1046 2054 intra
1083 1985 1341 2078 templi
1379 1982 1795 2055 aedificandi
1821 1984 2093 2055 limites
2123 1981 2352 2055 eonti-

360 2118 695 2174 neantur.
750 2102 1137 2171 Malachias
1170 2102 1492 2173 omnium
1520 2099 1918 2197 postremus
1951 2099 2082 2173 sub
2111 2102 2352 2173 Nehe·

358 2222 507 2292 mia
546 2217 855 2293 floruiffe
892 2220 1216 2304 videtur,
1282 2226 1631 2317 totusque
1666 2223 1743 2291 in
1788 2218 2213 2292 criminibus
2251 2218 2353 2290 sa·

363 2340 768 2430 cerdotum,
826 2334 1302 2446 ministerium
1346 2338 1564 2413 fuum
1601 2363 1750 2413 non
1794 2340 2029 2414 sancte
2073 2337 2353 2413 obeun-

361 2461 586 2548 tium,
631 2456 973 2562 versatur.

511 2647 709 2735 Ordo
753 2660 1130 2732 duodecim
1172 2662 1687 2754 prophetarum
1719 2663 1795 2730 in
1826 2658 2358 2755 exemplaribus

367 2779 708 2853 versionis
739 2785 1041 2850 Graecae
1059 2778 1584 2848 Alexandrinae
1614 2777 1823 2872 plane
1851 2775 2096 2850 differt
2127 2777 2218 2848 ab
2248 2800 2362 2864 eo,

366 2925 518 2997 quo
568 2901 644 2970 in
674 2911 681 2926 ’“
697 2883 1073 2972 Hebraicis
1133 2895 1593 2967 recensentur
1638 2897 1700 2984 ⁸)
1714 2922 1739 2979 3
1824 2914 2137 2992 uterque
2185 2919 2361 2967 vero

367 3020 720 3114 discrepat
761 3016 850 3086 ab
884 3014 1136 3087 ordine
1167 3013 1676 3112 chronologico
1695 3069 1714 3102 ,
1770 3015 1845 3085 in
1876 3040 2090 3111 quem
2121 3010 2364 3112 fingu-

369 3133 480 3209 los
513 3132 925 3234 digeffimus
951 3133 1028 3205 in
1061 3134 1305 3214 tabula
1324 3132 1515 3204 infra
1531 3131 1864 3228 apposita.
1918 3133 2135 3230 Apud
2150 3139 2366 3206 Grae-

355 3279 492 3325 „cos
522 3273 832 3350 quatuor
862 3252 1259 3344 majoribus
1291 3253 1663 3347 prophetis
1698 3271 2267 3349 praeponuntur,
2286 3251 2367 3321 in

375 3372 704 3444 Hebraeo
735 3371 1124 3442 succedunt
1154 3371 1442 3463 Jesajae‚
1482 3373 1832 3450 Jererniae
1862 3390 1937 3442 et
1959 3368 2376 3453 Ezechieli3

372 3492 752 3564 Danielem
788 3490 981 3561 enim
1014 3489 1406 3582 subjiciunt
1429 3487 1620 3576 libro
1652 3489 2360 3578 Jobi,1’sa1memm,

377 3609 802 3706 scriptisque
836 3585 1325 3686 muniminis.
1615 3641 1620 3648 -

1469 3714 1531 3782 A
1578 3725 1620 3793 3
1876 3709 1885 3726 ⁶
2201 3709 2363 3780 ΧΠ.

548 3932 622 4011 8)
707 3933 842 3994 Non
894 3929 983 4010 est.
1030 3928 1173 3990 idem
1230 3926 1368 3989 ordo
1428 3925 1711 3988 duodecim
1756 3925 2166 4008 prophetarum
2224 3925 2377 4009 apud

380 4036 446 4098 H
539 4053 698 4111 aeos,
759 4036 857 4112 qui
902 4030 977 4112 est
1024 4030 1174 4112 apud
1219 4050 1339 4092 nos.
1425 4027 1887 4089 Hrnnonrmus
1917 4027 1986 4086 in
2011 4027 2376 4109 Praefatdn

379 4138 481 4199 XI
507 4177 524 4194 .
560 4132 895 4216 Prophetas.
